@article{einstein,
  author =       "Albert Einstein",
  title =        "{Zur Elektrodynamik bewegter K{\"o}rper}. ({German})
                 [{On} the electrodynamics of moving bodies]",
  journal =      "Annalen der Physik",
  volume =       "322",
  number =       "10",
  pages =        "891--921",
  year =         "1905",
  DOI =          "http://dx.doi.org/10.1002/andp.19053221004"
}

@article{Shakhatreh_2019,
	title={Unmanned Aerial Vehicles (UAVs): A Survey on Civil Applications and Key Research Challenges},
	volume={7},
	ISSN={2169-3536},
	url={http://dx.doi.org/10.1109/ACCESS.2019.2909530},
	DOI={10.1109/access.2019.2909530},
	journal={IEEE Access},
	publisher={Institute of Electrical and Electronics Engineers (IEEE)},
	author={Shakhatreh, Hazim and Sawalmeh, Ahmad H. and Al-Fuqaha, Ala and Dou, Zuochao and Almaita, Eyad and Khalil, Issa and Othman, Noor Shamsiah and Khreishah, Abdallah and Guizani, Mohsen},
	year={2019},
	pages={48572â€“48634}
}

@book{uavSurvey,
	author = {Shakhatreh, Hazim and Sawalmeh, Ahmad and Al-Fuqaha, Ala and Dou, Zuochao and Almaita, Eyad and Khalil, Issa and Othman, Noor and Khreishah, Abdallah and Guizani, Mohsen},
	year = {2018},
	month = {04},
	pages = {},
	title = {Unmanned Aerial Vehicles (UAVs): A Survey on Civil Applications and Key Research Challenges},
	volume = {7},
	journal = {IEEE Access},
	doi = {10.1109/ACCESS.2019.2909530}
}

@article{sysArch11,
	author = {Deng, Chuang and Wang, Shengwei and Huang, Zhi and Tan, Zhongfu and Liu, Ji},
	year = {2014},
	month = {09},
	pages = {687-692},
	title = {Unmanned Aerial Vehicles for Power Line Inspection: A Cooperative Way in Platforms and Communications},
	volume = {9},
	journal = {Journal of Communications},
	doi = {10.12720/jcm.9.9.687-692}
}
@article{sysArch12,
	author={G. J. {Lim} and S. {Kim} and J. {Cho} and Y. {Gong} and A. {Khodaei}},
	journal={IEEE Transactions on Smart Grid}, 
	title={Multi-UAV Pre-Positioning and Routing for Power Network Damage Assessment}, 
	year={2018},
	volume={9},
	number={4},
	pages={3643-3651},
	doi={10.1109/TSG.2016.2637408}}


@book{latexcompanion,
    author    = "Michel Goossens and Frank Mittelbach and Alexander Samarin",
    title     = "The \LaTeX\ Companion",
    year      = "1993",
    publisher = "Addison-Wesley",
    address   = "Reading, Massachusetts"
}
 
@misc{knuthwebsite,
    author    = "Donald Knuth",
    title     = "Knuth: Computers and Typesetting",
    url       = "http://www-cs-faculty.stanford.edu/\~{}uno/abcde.html"
}

